%% This BibTeX bibliography file was created using BibDesk.
%% https://bibdesk.sourceforge.io/

%% Created for Vatsal Sanjay at 2024-08-28 13:39:38 +0200 


%% Saved with string encoding Unicode (UTF-8) 


@string{acie = {Angew. Chem. Int. Ed.}}

@string{advmat = {Adv. Mat.}}

@string{afm = {Adv. Funct. Mater.}}

@string{ams = {Acta Mech. Sin.}}

@string{apl = {Appl. Phys. Lett.}}

@string{arfm = {Annu. Rev. Fluid Mech.}}

@string{bb = {Biotechnolo. Bioeng.}}

@string{bj = {Biophys.\ J.}}

@string{chemengj = {Chem. Eng. J.}}

@string{cossms = {Curr. Opin. Solid State Mater. Sci.}}

@string{crs = {Chem. Soc. Rev.}}

@string{epje = {Eur.\ Phys.\ J E}}

@string{epjst = {Eur. Phys. J. Spec. Top.}}

@string{epl = {Europhys.\ Lett.}}

@string{faraday = {Faraday Discuss.}}

@string{ifhff = {Int. J. Heat Fluid Flow}}

@string{jafc = {J. Agric. Food. Chem.}}

@string{jchrnp = {J. Chem. Phys.}}

@string{jcp = {J. Comput. Phys.}}

@string{jcs = {J. Colloid Sci.}}

@string{jfm = {J. Fluid Mech.}}

@string{jgr = {J. Geophys. Res.}}

@string{jnnf = {J. Non-Newton. Fluid Mech.}}

@string{josj = {J. Oceanogr. Soc. Jpn.}}

@string{journalrheology = {J. Rheol.}}

@string{jvgr = {J. Volcanol. Geoth. Res.}}

@string{matcompt = {Math. Comput.}}

@string{natcom = {Nat. Commun.}}

@string{pecs = {Prog. Energy Combust. Sci.}}

@string{phyw = {Phys. World}}

@string{pnas = {Proc.\ Natl.\ Acad.\ Sci.\ U.S.A.}}

@string{pof = {Phys.\ Fluids}}

@string{pra = {Phys. Rev. A}}

@string{prapp = {Phys. Rev. Appl.}}

@string{pre = {Phys. Rev. E}}

@string{prf = {Phys. Rev. Fluids}}

@string{prl = {Phys. Rev. Lett.}}

@string{prslondona = {Proc. R. Soc. London, Ser. A}}

@string{rce = {Rev. Chem. Eng.}}

@string{rmp = {Rev.\ Mod.\ Phys.}}

@string{sciadv = {Sci. Adv.}}

@string{scirep = {Sci. Rep.}}

@string{sm = {Soft Matter}}

@string{tpm = {Transp. Porous Media}}


@article{sanjay2024PRL,
	author = {Sanjay, V. and Lohse, D.},
	date-added = {2024-08-28 01:19:31 +0200},
	date-modified = {2024-08-28 01:25:11 +0200},
	journal = {arXiv preprint arXiv: 2408.12714},
	title = {Unifying theory of scaling in drop impact: {F}orces \& maximum spreading diameter},
	year = {2024},
	bdsk-url-1 = {https://arxiv.org/abs/2408.12714}}

@article{mandre2009precursors,
	author = {Mandre, S. and Mani, M. and Brenner, M. P.},
	date-added = {2024-04-30 19:34:45 +0200},
	date-modified = {2024-04-30 19:35:11 +0200},
	journal = {Phys. Rev. Lett.},
	number = {13},
	pages = {134502},
	publisher = {APS},
	title = {Precursors to splashing of liquid droplets on a solid surface},
	volume = {102},
	year = {2009}}

@article{lesser1981analytic,
	author = {Lesser, M. B.},
	date-added = {2024-04-30 15:39:26 +0200},
	date-modified = {2024-04-30 15:40:09 +0200},
	journal = {Proc. R. Soc. Lond. A},
	number = {1770},
	pages = {289--308},
	publisher = {The Royal Society London},
	title = {Analytic solution of liquid-drop impact problems},
	volume = {377},
	year = {1981}}

@article{bergmann2009controlled,
	author = {Bergmann, R. and {van der Meer}, D. and Gekle, S. and {van der Bos}, A. and Lohse, D.},
	date-added = {2024-04-27 11:43:40 +0200},
	date-modified = {2024-04-27 11:44:29 +0200},
	journal = {Journal of Fluid Mechanics},
	pages = {381--409},
	publisher = {Cambridge University Press},
	title = {Controlled impact of a disk on a water surface: cavity dynamics},
	volume = {633},
	year = {2009}}

@book{schlichting2016boundary,
	author = {Schlichting, H.},
	date-added = {2024-04-27 09:03:39 +0200},
	date-modified = {2024-04-27 09:04:17 +0200},
	publisher = {McGraw-Hill},
	title = {Boundary-layer theory},
	year = {1968}}

@article{mirels1955laminar,
	author = {Mirels, H.},
	date-added = {2024-04-27 09:00:56 +0200},
	date-modified = {2024-04-27 09:02:05 +0200},
	journal = {NACA},
	pages = {25},
	title = {Laminar boundary layer behind shock advancing into stationary fluid},
	volume = {TN 3401},
	year = {1955}}

@article{zheng2021air,
	author = {Zheng, S. and Dillavou, S. and Kolinski, J. M.},
	date-added = {2024-04-27 08:46:36 +0200},
	date-modified = {2024-04-27 08:46:53 +0200},
	journal = {Soft Matter},
	number = {14},
	pages = {3813--3819},
	publisher = {Royal Society of Chemistry},
	title = {Air mediates the impact of a compliant hemisphere on a rigid smooth surface},
	volume = {17},
	year = {2021}}

@article{bilotto2023fluid,
	author = {Bilotto, J. and Kolinski, J. M. and Lecampion, B. and Molinari, J.-F. and Subhash, G. and Garcia-Suarez, J.},
	date-added = {2024-04-27 08:44:27 +0200},
	date-modified = {2024-04-27 08:44:58 +0200},
	journal = {arXiv preprint arXiv:2311.09953},
	title = {Fluid-mediated impact of soft solids},
	year = {2023}}

@article{langley2017impact,
	author = {Langley, K. and Li, E. Q. and Thoroddsen, S. T.},
	date-added = {2024-04-27 00:57:38 +0200},
	date-modified = {2024-04-27 11:52:21 +0200},
	journal = {J. Fluid Mech.},
	pages = {647--666},
	publisher = {Cambridge University Press},
	title = {Impact of ultra-viscous drops: air-film gliding and extreme wetting},
	volume = {813},
	year = {2017}}

@misc{vatsal_sanjay_2023_7598181,
	author = {Sanjay, V.},
	date-added = {2024-04-26 09:34:56 +0200},
	date-modified = {2024-06-05 12:04:17 +0200},
	doi = {10.5281/zenodo.7598181},
	howpublished = {https://doi.org/10.5281/zenodo.7598181},
	month = {feb},
	publisher = {Zenodo},
	title = {{VatsalSy/Impact-forces-of-water-drops-falling-on- superhydrophobic-surfaces: Impact Forces of Water Drops Falling on Superhydrophobic Surfaces}},
	url = {https://doi.org/10.5281/zenodo.7598181},
	version = {v1.0.0},
	year = {2023},
	bdsk-url-1 = {https://doi.org/10.5281/zenodo.7598181}}

@article{alventosa2023inertio,
	author = {Alventosa, L. F. L. and Cimpeanu, R. and Harris, D. M.},
	date-added = {2024-04-26 09:25:16 +0200},
	date-modified = {2024-04-26 09:25:21 +0200},
	journal = {J. Fluid Mech.},
	pages = {A24},
	publisher = {Cambridge University Press},
	title = {Inertio-capillary rebound of a droplet impacting a fluid bath},
	volume = {958},
	year = {2023}}

@article{garcia2024skating,
	author = {Garc{\'\i}a-Geijo, P and Riboux, G and Gordillo, JM},
	date-added = {2024-04-26 09:17:55 +0200},
	date-modified = {2024-04-26 09:18:05 +0200},
	journal = {J. Fluid Mech.},
	pages = {A35},
	publisher = {Cambridge University Press},
	title = {The skating of drops impacting over gas or vapour layers},
	volume = {980},
	year = {2024}}

@article{sanjay2023drop,
	author = {Sanjay, V. and Lakshman, S. and Chantelot, P. and Snoeijer, J. H. and Lohse, D.},
	date-added = {2024-04-26 07:30:12 +0200},
	date-modified = {2024-04-27 11:53:55 +0200},
	journal = {J. Fluid Mech.},
	pages = {A25},
	publisher = {Cambridge University Press},
	title = {Drop impact on viscous liquid films},
	volume = {958},
	year = {2023}}

@article{sprittles2024gas,
	author = {Sprittles, James E},
	date-added = {2024-04-26 07:28:56 +0200},
	date-modified = {2024-04-26 07:29:23 +0200},
	journal = {Annu. Rev. Fluid Mech.},
	pages = {91--118},
	publisher = {Annual Reviews},
	title = {Gas microfilms in droplet dynamics: When do drops bounce?},
	volume = {56},
	year = {2024}}

@article{yun2017bouncing,
	author = {Yun, S.},
	date-added = {2024-04-25 06:18:15 +0200},
	date-modified = {2024-04-27 11:55:06 +0200},
	journal = {Sci. Rep.},
	number = {1},
	pages = {17699},
	publisher = {Nature Publishing Group UK London},
	title = {Bouncing of an ellipsoidal drop on a superhydrophobic surface},
	volume = {7},
	year = {2017}}

@article{deng2012candle,
	author = {Deng, X. and Mammen, L. and Butt, H.-J. and Vollmer, D.},
	date-added = {2024-04-24 12:42:51 +0200},
	date-modified = {2024-04-27 11:51:17 +0200},
	journal = {Science},
	number = {6064},
	pages = {67--70},
	publisher = {American Association for the Advancement of Science},
	title = {Candle soot as a template for a transparent robust superamphiphobic coating},
	volume = {335},
	year = {2012}}

@article{volk2018density,
	author = {Volk, A. and K{\"a}hler, C. J.},
	date-added = {2024-04-22 08:40:39 +0200},
	date-modified = {2024-04-27 11:54:39 +0200},
	journal = {Exp. Fluids},
	number = {5},
	pages = {75},
	publisher = {Springer},
	title = {Density model for aqueous glycerol solutions},
	volume = {59},
	year = {2018}}

@article{cheng2008formula,
	author = {Cheng, N.-S.},
	date-added = {2024-04-22 08:39:14 +0200},
	date-modified = {2024-04-27 11:50:33 +0200},
	journal = {Ind. Eng. Chem. Res.},
	number = {9},
	pages = {3285--3288},
	publisher = {ACS Publications},
	title = {Formula for the viscosity of a glycerol--water mixture},
	volume = {47},
	year = {2008}}

@article{bourouiba2021fluid,
	author = {Bourouiba, L.},
	journal = arfm,
	pages = {473--508},
	publisher = {Annual Reviews},
	title = {The fluid dynamics of disease transmission},
	volume = {53},
	year = {2021}}

@article{pohlker2023respiratory,
	author = {P{\"o}hlker, M. L. and P{\"o}hlker, C. and Kr{\"u}ger, O. O. and F{\"o}rster, J.-D. and Berkemeier, T. and Elbert, W. and Fr{\"o}hlich-Nowoisky, J. and P{\"o}schl, U. and Bagheri, G. and Bodenschatz, E. and Huffman, J. A. and Scheithauer, S. and Mikhailov, E.},
	journal = rmp,
	number = {4},
	pages = {045001},
	publisher = {APS},
	title = {Respiratory aerosols and droplets in the transmission of infectious diseases},
	volume = {95},
	year = {2023}}

@article{ji2021compound,
	author = {Ji, B. and Yang, Z. and Feng, J.},
	journal = natcom,
	number = {1},
	pages = {6305},
	publisher = {Nature Publishing Group UK London},
	title = {Compound jetting from bubble bursting at an air-oil-water interface},
	volume = {12},
	year = {2021}}

@article{ma2023scaling,
	author = {Ma, Y. and Huang, H.},
	date-added = {2023-08-28 15:00:09 +0200},
	date-modified = {2023-08-28 15:00:24 +0200},
	journal = {J. Fluid Mech.},
	pages = {A35},
	publisher = {Cambridge University Press},
	title = {Scaling maximum spreading of droplet impacting on flexible substrates},
	volume = {958},
	year = {2023}}

@article{jin2023marbles,
	author = {Jin, P. and Zhao, K. and Blin, Z. and Allais, M. and Mouterde, T. and Qu{\'e}r{\'e}, D.},
	date-added = {2023-08-28 14:57:07 +0200},
	date-modified = {2023-08-28 14:57:59 +0200},
	journal = {J. Chem. Phys.},
	number = {20},
	publisher = {AIP Publishing},
	title = {When marbles challenge pearls},
	volume = {158},
	year = {2023}}

@article{aguero2022impact,
	author = {Ag{\"u}ero, E. A. and Alventosa, L. F. L. and Harris, D. M. and Galeano-Rios, C. A.},
	date-added = {2023-08-28 14:55:31 +0200},
	date-modified = {2023-08-28 14:56:10 +0200},
	journal = {Proc. R. Soc. Lond. A},
	number = {2266},
	pages = {20220340},
	publisher = {The Royal Society},
	title = {Impact of a rigid sphere onto an elastic membrane},
	volume = {478},
	year = {2022}}

@article{alventosa_cimpeanu_harris_2023,
	author = {Alventosa, L. F. L. and Cimpeanu, R. and Harris, D. M.},
	date-added = {2023-08-28 14:52:49 +0200},
	date-modified = {2023-08-28 14:53:26 +0200},
	doi = {10.1017/jfm.2023.88},
	journal = {J. Fluid Mech.},
	pages = {A24},
	publisher = {Cambridge University Press},
	title = {Inertio-capillary rebound of a droplet impacting a fluid bath},
	volume = {958},
	year = {2023},
	bdsk-url-1 = {https://doi.org/10.1017/jfm.2023.88}}

@article{martouzet2021dynamic,
	author = {Martouzet, G. and J{\o}rgensen, L. and Pelet, Y. and Biance, A.-L. and Barentin, C.},
	date-added = {2023-08-28 14:50:19 +0200},
	date-modified = {2023-08-28 14:50:47 +0200},
	journal = {Phys. Rev. Fluids},
	number = {4},
	pages = {044006},
	publisher = {APS},
	title = {Dynamic arrest during the spreading of a yield stress fluid drop},
	volume = {6},
	year = {2021}}

@article{ahlers2009heat,
	author = {Ahlers, G. and Grossmann, S. and Lohse, D.},
	date-added = {2023-08-27 19:42:07 +0200},
	date-modified = {2023-08-27 19:42:22 +0200},
	journal = {Rev. Mod. Phys.},
	number = {2},
	pages = {503},
	publisher = {APS},
	title = {Heat transfer and large scale dynamics in turbulent {Rayleigh}--{B{\'e}nard } convection},
	volume = {81},
	year = {2009}}

@article{liimatainen2017mapping,
	author = {Liimatainen, V. and Vuckovac, M. and Jokinen, V. and Sariola, V. and Hokkanen, M. J. and Zhou, Q. and Ras, R. H. A.},
	date-added = {2023-08-27 09:33:09 +0200},
	date-modified = {2023-08-27 09:33:09 +0200},
	journal = {Nat. Commun.},
	number = {1},
	pages = {1--7},
	publisher = {Nature Publishing Group},
	title = {Mapping microscale wetting variations on biological and synthetic water-repellent surfaces},
	volume = {8},
	year = {2017}}

@article{samuel2011study,
	author = {Samuel, B. and Zhao, H. and Law, K.-Y.},
	date-added = {2023-08-27 09:32:45 +0200},
	date-modified = {2023-08-27 09:32:45 +0200},
	journal = {J. Phys. Chem. C},
	number = {30},
	pages = {14852--14861},
	publisher = {ACS Publications},
	title = {Study of wetting and adhesion interactions between water and various polymer and superhydrophobic surfaces},
	volume = {115},
	year = {2011}}

@article{grinspan2010impact,
	author = {Grinspan, A. S. and Gnanamoorthy, R.},
	date-added = {2023-08-27 09:32:25 +0200},
	date-modified = {2023-08-27 09:32:25 +0200},
	journal = {Colloids Surf., A},
	number = {1-3},
	pages = {162--168},
	publisher = {Elsevier},
	title = {Impact force of low velocity liquid droplets measured using piezoelectric PVDF film},
	volume = {356},
	year = {2010}}

@article{grossmann2001thermal,
	author = {Grossmann, S. and Lohse, D.},
	date-added = {2023-08-26 23:59:58 +0200},
	date-modified = {2023-08-27 00:00:14 +0200},
	journal = {Phys. Rev. Lett.},
	number = {15},
	pages = {3316},
	publisher = {APS},
	title = {Thermal convection for large {Prandtl} numbers},
	volume = {86},
	year = {2001}}

@article{grossmann2000scaling,
	author = {Grossmann, S. and Lohse, D.},
	date-added = {2023-08-26 23:57:45 +0200},
	date-modified = {2023-08-26 23:58:01 +0200},
	journal = {J. Fluid Mech.},
	pages = {27--56},
	publisher = {Cambridge University Press},
	title = {Scaling in thermal convection: a unifying theory},
	volume = {407},
	year = {2000}}

@article{thoraval2021nanoscopic,
	author = {Thoraval, M.-{J}. and Schubert, J. and Karpitschka, S. and Chanana, M. and Boyer, F. and Sandoval-Naval, E. and Dijksman, J. F. and Snoeijer, J. H. and Lohse, D.},
	date-added = {2023-08-26 16:46:25 +0200},
	date-modified = {2023-08-26 16:47:18 +0200},
	journal = {Soft Matter},
	number = {20},
	pages = {5116--5121},
	publisher = {Royal Society of Chemistry},
	title = {Nanoscopic interactions of colloidal particles can suppress millimetre drop splashing},
	volume = {17},
	year = {2021}}

@article{villermaux2011drop,
	author = {Villermaux, E. and Bossa, B.},
	date-added = {2023-08-26 16:36:58 +0200},
	date-modified = {2023-08-26 16:37:15 +0200},
	journal = {J. Fluid Mech.},
	pages = {412--435},
	publisher = {Cambridge University Press},
	title = {Drop fragmentation on impact},
	volume = {668},
	year = {2011}}

@article{chevy2012liquid,
	author = {Chevy, F. and Chepelianskii, A. and Qu{\'e}r{\'e}, D. and Rapha{\"e}l, E.},
	date-added = {2023-08-26 16:33:32 +0200},
	date-modified = {2023-08-26 16:41:11 +0200},
	journal = {Europhys. Lett.},
	number = {5},
	pages = {54002},
	publisher = {IOP Publishing},
	title = {Liquid {Hertz} contact: softness of weakly deformed drops on non-wetting substrates},
	volume = {100},
	year = {2012}}

@misc{popinet-basilisk,
	author = {Popinet, S. and collaborators},
	howpublished = {\url{http://basilisk.fr} (Last accessed: August 23, 2023)},
	title = {Basilisk {C}: volume of fluid method},
	year = {2013--2023}}

@misc{basiliskPopinet2,
	author = {Popinet, S. and collaborators},
	howpublished = {\url{http://basilisk.fr/src/tension.h} (Last accessed: August 23, 2023)},
	title = {Basilisk {C}: surface tension library},
	year = {2013--2023}}

@misc{basiliskPopinet3,
	author = {Popinet, S. and collaborators},
	howpublished = {\url{http://basilisk.fr/src/reduced.h} (Last accessed: August 23, 2023)},
	title = {Basilisk {C}: reduced pressure library},
	year = {2013--2023}}

@misc{basiliskVatsal,
	author = {Sanjay, V.},
	date-modified = {2024-08-28 04:50:23 +0200},
	howpublished = {\url{https://zenodo.org/doi/10.5281/zenodo.13381995} (Last accessed: Aug 28, 2024)},
	title = {Code repository: \href{https://github.com/VatsalSy/The-role-of-viscosity-on-drop-impact-forces.git}{The role of viscosity on drop impact forces}},
	year = {2024}}

@book{landau2013course,
	author = {Landau, L. D. and Lifshitz, E. M.},
	edition = {2},
	publisher = {Elsevier},
	title = {Fluid Mechanics -- Volume 6: Course of Theoretical Physics},
	year = {1987}}

@article{popinet2018numerical,
	author = {Popinet, S.},
	journal = arfm,
	pages = {49--75},
	publisher = {Annual Reviews},
	title = {Numerical models of surface tension},
	volume = {50},
	year = {2018}}

@article{pierson2020revisiting,
	author = {Pierson, J.-L. and Magnaudet, J. and Soares, E. J. and Popinet, S.},
	journal = prf,
	number = {7},
	pages = {073602},
	publisher = {APS},
	title = {Revisiting the {T}aylor-{C}ulick approximation: retraction of an axisymmetric filament},
	volume = {5},
	year = {2020}}

@article{deka2020revisiting,
	author = {Deka, H. and Pierson, J.-L.},
	journal = prf,
	number = {9},
	pages = {093603},
	publisher = {APS},
	title = {Revisiting the {T}aylor-{C}ulick approximation. {II}. {Retraction} of a viscous sheet},
	volume = {5},
	year = {2020}}

@article{bartolo2005retraction,
	author = {Bartolo, D. and Josserand, C. and Bonn, D.},
	journal = jfm,
	pages = {329--338},
	publisher = {Cambridge University Press},
	title = {Retraction dynamics of aqueous drops upon impact on non-wetting surfaces},
	volume = {545},
	year = {2005}}

@article{brackbill1992continuum,
	author = {Brackbill, J. U. and Kothe, D. B. and Zemach, C.},
	journal = jcp,
	number = {2},
	pages = {335--354},
	publisher = {Elsevier},
	title = {A continuum method for modeling surface tension},
	volume = {100},
	year = {1992}}

@article{popinet2009accurate,
	author = {Popinet, S.},
	journal = jcp,
	number = {16},
	pages = {5838--5866},
	publisher = {Elsevier},
	title = {An accurate adaptive solver for surface-tension-driven interfacial flows},
	volume = {228},
	year = {2009}}

@article{wagner1932stoss,
	author = {Wagner, H.},
	journal = {Z. Angew. Math. Mech.},
	number = {4},
	pages = {193--215},
	publisher = {Wiley Online Library},
	title = {{\"U}ber {S}to{\ss}-{\,}und {G}leitvorg{\"a}nge an der {O}berfl{\"a}che von {F}l{\"u}ssigkeiten},
	volume = {12},
	year = {1932}}

@phdthesis{chantelot2018rebonds,
	author = {Chantelot, P.},
	school = {Universit{\'e} Paris-Saclay (ComUE)},
	title = {Rebonds sp{\'e}ciaux de liquides},
	year = {2018}}

@article{chantelot_lohse_2021,
	author = {Chantelot, P. and Lohse, D.},
	journal = {Journal of Fluid Mechanics},
	pages = {A36},
	publisher = {Cambridge University Press},
	title = {Drop impact on superheated surfaces: short-time dynamics and transition to contact},
	volume = {928},
	year = {2021}}

@article{rayleigh1879capillary,
	author = {{Lord Rayleigh}},
	journal = PRSLondonA,
	number = {196-199},
	pages = {71--97},
	title = {On the capillary phenomena of jets},
	volume = {29},
	year = {1879}}

@article{woodcock1953giant,
	author = {Woodcock, A. H. and Kientzler, C. F. and Arons, A. B. and Blanchard, D. C.},
	journal = {Nature},
	number = {4390},
	pages = {1144--1145},
	publisher = {Nature Publishing Group},
	title = {Giant condensation nuclei from bursting bubbles},
	volume = {172},
	year = {1953}}

@article{molavcek2012quasi,
	author = {Mol{\'a}{\v{c}}ek, J. and Bush, J. W. M.},
	journal = pof,
	number = {12},
	pages = {127103},
	publisher = {American Institute of Physics},
	title = {A quasi-static model of drop impact},
	volume = {24},
	year = {2012}}

@article{riboux2014experiments,
	author = {Riboux, G. and Gordillo, J. M.},
	journal = prl,
	number = {2},
	pages = {024507},
	publisher = {APS},
	title = {Experiments of drops impacting a smooth solid surface: a model of the critical impact speed for drop splashing},
	volume = {113},
	year = {2014}}

@article{sanjay_lohse_jalaal_2021,
	author = {Sanjay, V. and Lohse, D. and Jalaal, M.},
	journal = jfm,
	pages = {A2},
	publisher = {Cambridge University Press},
	title = {Bursting bubble in a viscoplastic medium},
	volume = {922},
	year = {2021}}

@article{gordillo2019theory,
	author = {Gordillo, J. M. and Riboux, G. and Quintero, E. S.},
	journal = jfm,
	pages = {298--315},
	publisher = {Cambridge University Press},
	title = {A theory on the spreading of impacting droplets},
	volume = {866},
	year = {2019}}

@article{laan2014maximum,
	author = {Laan, N. and de Bruin, K. G. and Bartolo, D. and Josserand, C. and Bonn, D.},
	journal = prapp,
	number = {4},
	pages = {044018},
	publisher = {APS},
	title = {Maximum diameter of impacting liquid droplets},
	volume = {2},
	year = {2014}}

@article{mitra2021bouncing,
	author = {Mitra, S. and Vo, Q. and Tran, T.},
	journal = sm,
	publisher = {Royal Society of Chemistry},
	title = {Bouncing-to-wetting transition of water droplets impacting soft solids},
	year = {2021}}

@article{xu2005drop,
	author = {Xu, L. and Zhang, W. W. and Nagel, S. R.},
	journal = prl,
	number = {18},
	pages = {184505},
	publisher = {APS},
	title = {Drop splashing on a dry smooth surface},
	volume = {94},
	year = {2005}}

@article{lohse2004impact,
	author = {Lohse, D. and Bergmann, R. and Mikkelsen, R. and Zeilstra, C. and {van} {der} Meer, D. and Versluis, M. and {van} {der} Weele, K. and {van} der Hoef, M. and Kuipers, H.},
	journal = prl,
	number = {19},
	pages = {198003},
	publisher = {APS},
	title = {Impact on soft sand: void collapse and jet formation},
	volume = {93},
	year = {2004}}

@article{lee2020downward,
	author = {Lee, S.-H. and Rump, M. and Harth, K. and Kim, M. and Lohse, D. and Fezzaa, K. and Je, J. H.},
	journal = prf,
	number = {7},
	pages = {074802},
	publisher = {APS},
	title = {Downward jetting of a dynamic Leidenfrost drop},
	volume = {5},
	year = {2020}}

@article{onda1996super,
	author = {Onda, T. and Shibuichi, S. and Satoh, N. and Tsujii, K.},
	journal = {Langmuir},
	number = {9},
	pages = {2125--2127},
	publisher = {ACS Publications},
	title = {Super-water-repellent fractal surfaces},
	volume = {12},
	year = {1996}}

@article{renardy2003pyramidal,
	author = {Renardy, Y. and Popinet, S. and Duchemin, L. and Renardy, M. and Zaleski, S. and Josserand, C. and Drumright-Clarke, M. A. and Richard, D. and Clanet, C. and Qu{\'e}r{\'e}, D.},
	journal = jfm,
	pages = {69--83},
	publisher = {Cambridge University Press},
	title = {Pyramidal and toroidal water drops after impact on a solid surface},
	volume = {484},
	year = {2003}}

@article{lohse2022fundamental,
	author = {Lohse, D.},
	journal = arfm,
	pages = {349-382},
	publisher = {Annual Reviews},
	title = {Fundamental fluid dynamics challenges in inkjet printing},
	volume = {54},
	year = {2022}}

@article{quere2013,
	author = {Qu\'er\'e, D.},
	journal = arfm,
	pages = {197-215},
	title = {Leidenfrost dynamics},
	volume = {{45}},
	year = {{2013}}}

@article{kim2007spray,
	author = {Kim, J.},
	journal = ifhff,
	number = {4},
	pages = {753--767},
	publisher = {Elsevier},
	title = {Spray cooling heat transfer: The state of the art},
	volume = {28},
	year = {2007}}

@article{moreira2010advances,
	author = {Moreira, A. L. N. and Moita, A. S. and Panao, M. R.},
	journal = pecs,
	number = {5},
	pages = {554--580},
	publisher = {Elsevier},
	title = {Advances and challenges in explaining fuel spray impingement: How much of single droplet impact research is useful?},
	volume = {36},
	year = {2010}}

@article{smith2018influence,
	author = {Smith, F. R. and Nicloux, C. and Brutin, D.},
	journal = prf,
	number = {1},
	pages = {013601},
	publisher = {APS},
	title = {Influence of the impact energy on the pattern of blood drip stains},
	volume = {3},
	year = {2018}}

@article{Josserand2016,
	author = {Josserand, C. and Thoroddsen, S. T.},
	journal = arfm,
	pages = {365--391},
	publisher = {Annual Reviews},
	title = {Drop impact on a solid surface},
	volume = {48},
	year = {2016}}

@article{yarin2006drop,
	author = {Yarin, A. L.},
	journal = arfm,
	pages = {159--192},
	publisher = {Annual Reviews},
	title = {Drop impact dynamics: splashing, spreading, receding, bouncing...},
	volume = {38},
	year = {2006}}

@article{bergeron2001water,
	author = {Bergeron, V. and Qu{\'e}r{\'e}, D.},
	journal = phyw,
	number = {5},
	pages = {27},
	publisher = {IOP Publishing},
	title = {Water droplets make an impact},
	volume = {14},
	year = {2001}}

@article{Nearing1986,
	author = {Nearing, M. A. and Bradford, J. M. and Holtz, R. D.},
	journal = {Soil Sci. Soc. Am. J.},
	pages = {1532-1536},
	title = {Measurement of force vs. time relations for waterdrop impact},
	volume = {50},
	year = {1986}}

@article{Ahmad2013,
	author = {Ahmad, M. and Schatz, M. and Casey, M. V.},
	journal = {Wear},
	pages = {83-86},
	title = {Experimental investigation of droplet size influence on low pressure steam turbine blade erosion},
	volume = {303},
	year = {2013}}

@article{Amirzadeh2017,
	author = {Amirzadeh, B. and Louhghalam, A. and Raessi, M. and Tootkaboni, M.},
	journal = {J. Wind Eng. Ind. Aerodyn.},
	pages = {33-43},
	title = {A computational framework for the analysis of rain-induced erosion in wind turbine blades},
	volume = {163},
	year = {2017}}

@article{Zhao2015,
	author = {Zhao, R. and Zhang, Q. and Tjugito, H. and Cheng, X.},
	journal = {Proc. Natl Acad. Sci. USA},
	number = {2},
	pages = {342-347},
	title = {Granular impact cratering by liquid drops: Understanding raindrop imprints through an analogy to asteroid strikes},
	volume = {112},
	year = {2015}}

@article{Gohardani2011,
	author = {Gohardani, O.},
	journal = {Prog. Aerosp. Sci.},
	number = {4},
	pages = {280-303},
	title = {Impact of erosion testing aspects on current and future flight conditions},
	volume = {47},
	year = {2011}}

@article{Bonn2009,
	author = {Bonn, D. and Eggers, J. and Indekeu, J. and Meunier, J. and Rolley, E.},
	journal = {Rev. Mod. Phys.},
	number = {2},
	pages = {739-805},
	title = {Wetting and spreading},
	volume = {81},
	year = {2009}}

@article{Thoroddsen2008,
	author = {Thoroddsen, S. T. and Etoh, T. G. and Takehara, K.},
	journal = {Annu. Rev. Fluid Mech.},
	pages = {257-285},
	title = {High-speed imaging of drops and bubbles},
	volume = {40},
	year = {2008}}

@article{Driscoll2011,
	author = {Driscoll, M. M. and Nagel, S. R.},
	journal = {Phys. Rev. Lett.},
	number = {15},
	pages = {154502},
	title = {Ultrafast interference imaging of air in splashing dynamics},
	volume = {107},
	year = {2011}}

@article{Eggers2010,
	author = {Eggers, J. and Fontelos, M. A. and Josserand, C. and Zaleski, S.},
	journal = {Phys. Fluids},
	number = {6},
	pages = {062101},
	title = {Drop dynamics after impact on a solid wall: theory and simulations},
	volume = {22},
	year = {2010}}

@article{Schroll2010,
	author = {Schroll, R. D. and Josserand, C. and Zaleski, S. and Zhang, W. W.},
	journal = {Phys. Rev. Lett.},
	number = {3},
	pages = {034504},
	title = {Impact of a viscous liquid drop},
	volume = {104},
	year = {2010}}

@article{Wildeman2016,
	author = {Wildeman, S. and Visser, C. W. and Sun, C. and Lohse, D.},
	journal = {J. Fluid Mech.},
	pages = {636-655},
	title = {On the spreading of impacting drops},
	volume = {805},
	year = {2016}}

@article{Quintero2019,
	author = {Quintero, E. S. and Riboux, G. and Gordillo, J. M.},
	journal = {J. Fluid Mech.},
	pages = {175-188},
	publisher = {Cambridge University Press},
	title = {Splashing of droplets impacting superhydrophobic substrates},
	volume = {870},
	year = {2019}}

@article{Richard2002,
	author = {Richard, D. and Clanet, C. and Qu{\'e}r{\'e}, D.},
	journal = {Nature},
	number = {6891},
	pages = {811-811},
	publisher = {Nature Publishing Group},
	title = {Contact time of a bouncing drop},
	volume = {417},
	year = {2002}}

@article{Bouwhuis2012,
	author = {Bouwhuis, W. and {van} {der} Veen, R. C. A. and Tran, T. and Keij, D. L and Winkels, K. G. and Peters, I. R. and {van} {der} Meer, D. and Sun, C. and Snoeijer, J. H. and Lohse, D.},
	journal = {Phys. Rev. Lett.},
	number = {26},
	pages = {264501},
	publisher = {APS},
	title = {Maximal air bubble entrainment at liquid-drop impact},
	volume = {109},
	year = {2012}}

@book{Yarin2017,
	author = {Yarin, A. L. and Roisman, I. V. and Tropea, C.},
	publisher = {Cambridge University Press},
	title = {Collision {Phenomena} in {Liquids} and {Solids}},
	year = {2017}}

@article{Li2019,
	author = {Li, H. and Fang, W. and Li, Y. and Yang, W. and Li, M. and Li, Q. and Feng, X.-Q. and Song, Y.},
	journal = {Nature Commun.},
	number = {1},
	pages = {1-6},
	publisher = {Nature Publishing Group},
	title = {Spontaneous droplets gyrating via asymmetric self-splitting on heterogeneous surfaces},
	volume = {10},
	year = {2019}}

@article{Chantelot2018water,
	author = {Chantelot, P. and Moqaddam, A. M. and Gauthier, A. and Chikatamarla, S. S. and Clanet, C. and Karlin, I. V. and Qu{\'e}r{\'e}, D.},
	journal = {Soft Matter},
	number = {12},
	pages = {2227-2233},
	publisher = {Soft Matter},
	title = {Water ring-bouncing on repellent singularities},
	volume = {14},
	year = {2018}}

@article{Li2014,
	author = {Li, J. and Zhang, B. and Guo, P. and Lv, Q.},
	journal = {J. Appl. Phys.},
	number = {21},
	pages = {214903},
	publisher = {AIP Publishing LLC},
	title = {Impact force of a low speed water droplet colliding on a solid surface},
	volume = {116},
	year = {2014}}

@article{Soto2014,
	author = {Soto, D. and {de Lariviere}, A. B. and Boutillon, X. and Clanet, C. and Qu{\'e}r{\'e}, D.},
	journal = sm,
	number = {27},
	pages = {4929-4934},
	publisher = {Royal Society of Chemistry},
	title = {The force of impacting rain},
	volume = {10},
	year = {2014}}

@article{Philippi2016,
	author = {Philippi, J. and Lagr{\'e}e, P.-Y. and Antkowiak, A.},
	journal = {J. Fluid Mech.},
	pages = {96-135},
	publisher = {Cambridge University Press},
	title = {Drop impact on a solid surface: short-time self-similarity},
	volume = {795},
	year = {2016}}

@article{Zhang2017,
	author = {Zhang, B. and Li, J. and Guo, P. and Lv, Q.},
	journal = {Exp. Fluids},
	number = {9},
	pages = {1-12},
	publisher = {Springer},
	title = {Experimental studies on the effect of Reynolds and Weber numbers on the impact forces of low-speed droplets colliding with a solid surface},
	volume = {58},
	year = {2017}}

@article{visser2015dynamics,
	author = {Visser, C. W. and Frommhold, P. E. and Wildeman, S. and Mettin, E. and Lohse, D. and Sun, C.},
	journal = sm,
	number = {9},
	pages = {1708--1722},
	publisher = {Royal Society of Chemistry},
	title = {Dynamics of high-speed micro-drop impact: numerical simulations and experiments at frame-to-frame times below 100 ns},
	volume = {11},
	year = {2015}}

@article{Gordillo2018,
	author = {Gordillo, L. and Sun, T.-P. and Cheng, X.},
	journal = {J. Fluid Mech.},
	pages = {190--214},
	publisher = {Cambridge University Press},
	title = {Dynamics of drop impact on solid surfaces: evolution of impact force and self-similar spreading},
	volume = {840},
	year = {2018}}

@article{Mitchell2019,
	author = {Mitchell, B. R. and Klewicki, J. C. and Korkolis, Y. P. and Kinsey, B. L.},
	journal = {J. Fluid Mech.},
	pages = {300-322},
	publisher = {Cambridge University Press},
	title = {The transient force profile of low-speed droplet impact: measurements and model},
	volume = {867},
	year = {2019}}

@article{Zhang2019,
	author = {Zhang, R. and Zhang, B. and Lv, Q. and Li, J. and Guo, P.},
	journal = {Exp. Fluids},
	number = {4},
	pages = {64},
	publisher = {Springer},
	title = {Effects of droplet shape on impact force of low-speed droplets colliding with solid surface},
	volume = {60},
	year = {2019}}

@article{Chantelot2018drop,
	author = {Chantelot, Pierre and Coux, Martin and Clanet, Christophe and Qu{\'e}r{\'e}, David},
	journal = {Europhys. Lett.},
	number = {2},
	pages = {24003},
	publisher = {IOP Publishing},
	title = {Drop trampoline},
	volume = {124},
	year = {2018}}

@article{Tuteja2007,
	author = {Tuteja, A. and Choi, W. and Ma, M. and Mabry, J. M. and Mazzella, S. A. and Rutledge, G. C. and McKinley, G. H. and Cohen, R. E.},
	journal = {Science},
	number = {5856},
	pages = {1618-1622},
	publisher = {American Association for the Advancement of Science},
	title = {Designing superoleophobic surfaces},
	volume = {318},
	year = {2007}}

@article{Cho2016,
	author = {Cho, H. J. and Preston, D. J. and Zhu, Y. and Wang, E. N.},
	journal = {Nat. Rev. Mater.},
	number = {2},
	pages = {16092},
	publisher = {Nature Publishing Group},
	title = {Nanoengineered materials for liquid--vapour phase-change heat transfer},
	volume = {2},
	year = {2016}}

@article{Liu2017,
	author = {Liu, M. and Wang, S. and Jiang, L.},
	journal = {Nat. Rev. Mater.},
	number = {7},
	pages = {17036},
	publisher = {Nature Publishing Group},
	title = {Nature-inspired superwettability systems},
	volume = {2},
	year = {2017}}

@article{Hao2016,
	author = {Hao, C. and Liu, Y. and Chen, X. and Li, J. and Zhang, M. and Zhao, Y. and Wang, Z.},
	journal = {Small},
	number = {14},
	pages = {1825-1839},
	publisher = {Wiley Online Library},
	title = {Bioinspired interfacial materials with enhanced drop mobility: from fundamentals to multifunctional applications},
	volume = {12},
	year = {2016}}

@article{Wu2020,
	author = {Wu, S. and Du, Y. and Alsaid, Y. and Wu, D. and Hua, M. and Yan, Y. and Yao, B. and Ma, Y. and Zhu, X. and He, X.},
	journal = {Proc. Natl Acad. Sci. USA},
	number = {21},
	pages = {11240-11246},
	publisher = {National Acad Sciences},
	title = {Superhydrophobic photothermal icephobic surfaces based on candle soot},
	volume = {117},
	year = {2020}}

@article{Lafuma2003,
	author = {Lafuma, A. and Qu{\'e}r{\'e}, D.},
	journal = {Nat. Mater.},
	number = {7},
	pages = {457-460},
	publisher = {Nature Publishing Group},
	title = {Superhydrophobic states},
	volume = {2},
	year = {2003}}

@article{Callies2005,
	author = {Callies, M. and Qu{\'e}r{\'e}, D.},
	journal = sm,
	number = {1},
	pages = {55-61},
	publisher = {Royal Society of Chemistry},
	title = {On water repellency},
	volume = {1},
	year = {2005}}

@article{Sbragaglia2007,
	author = {Sbragaglia, M. and Peters, A. M. and Pirat, C. and Borkent, B. M. and Lammertink, R. G. H. and Wessling, M. and Lohse, D.},
	journal = {Phys. Rev. Lett.},
	number = {15},
	pages = {156001},
	publisher = {APS},
	title = {Spontaneous breakdown of superhydrophobicity},
	volume = {99},
	year = {2007}}

@article{Li2017,
	author = {Li, Y. and Qu{\'e}r{\'e}, D. and Lv, C. and Zheng, Q.},
	journal = {Proc. Natl Acad. Sci. USA},
	number = {13},
	pages = {3387-3392},
	publisher = {National Acad Sciences},
	title = {Monostable superrepellent materials},
	volume = {114},
	year = {2017}}

@article{Tsai2010,
	author = {Tsai, P. and Lammertink, R. G. H. and Wessling, M. and Lohse, D.},
	journal = {Phys. Rev. Lett.},
	number = {11},
	pages = {116102},
	publisher = {APS},
	title = {Evaporation-triggered wetting transition for water droplets upon hydrophobic microstructures},
	volume = {104},
	year = {2010}}

@article{Chen2012,
	author = {Chen, X. and Ma, R. and Li, J. and Hao, C. and Guo, W. and Luk, B. L. and Li, S. C. and Yao, S. and Wang, Z.},
	journal = {Phys. Rev. Lett.},
	number = {11},
	pages = {116101},
	publisher = {APS},
	title = {Evaporation of droplets on superhydrophobic surfaces: surface roughness and small droplet size effects},
	volume = {109},
	year = {2012}}

@article{Papadopoulos2013,
	author = {Papadopoulos, P. and Mammen, L. and Deng, X. and Vollmer, D. and Butt, H.-J.},
	journal = {Proc. Natl Acad. Sci. USA},
	number = {9},
	pages = {3254-3258},
	publisher = {National Acad Sciences},
	title = {How superhydrophobicity breaks down},
	volume = {110},
	year = {2013}}

@article{Bormashenko2007,
	author = {Bormashenko, E. and Pogreb, R. and Whyman, G. and Erlich, M.},
	journal = {Langmuir},
	number = {24},
	pages = {12217-12221},
	publisher = {ACS Publications},
	title = {Resonance {Cassie-Wenzel} wetting transition for horizontally vibrated drops deposited on a rough surface},
	volume = {23},
	year = {2007}}

@article{Bartolo2006Bouncing,
	author = {Bartolo, D. and Bouamrirene, F. and Verneuil, E. and Buguin, A. and Silberzan, P. and Moulinet, S.},
	journal = {Europhys. Lett.},
	number = {2},
	pages = {299},
	publisher = {IOP Publishing},
	title = {Bouncing or sticky droplets: Impalement transitions on superhydrophobic micropatterned surfaces},
	volume = {74},
	year = {2006}}

@article{Gauthier2015,
	author = {Gauthier, A. and Symon, S. and Clanet, C. and Qu{\'e}r{\'e}, D.},
	journal = {Nat. Commun.},
	number = {1},
	pages = {1-6},
	publisher = {Nature Publishing Group},
	title = {Water impacting on superhydrophobic macrotextures},
	volume = {6},
	year = {2015}}

@article{Bartolo2006Singular,
	author = {Bartolo, D. and Josserand, C. and Bonn, D.},
	journal = prl,
	number = {12},
	pages = {124501},
	publisher = {APS},
	title = {Singular jets and bubbles in drop impact},
	volume = {96},
	year = {2006}}

@article{Lohse2018,
	author = {Lohse, D.},
	journal = {Phys. Rev. Fluids.},
	number = {11},
	pages = {110504},
	publisher = {APS},
	title = {Bubble puzzles: From fundamentals to applications},
	volume = {3},
	year = {2018}}

@article{Richard2000,
	author = {Richard, D. and Qu{\'e}r{\'e}, D.},
	journal = {Europhys. Lett.},
	number = {6},
	pages = {769-775},
	publisher = {IOP Publishing},
	title = {Bouncing water drops},
	volume = {50},
	year = {2000}}

@article{Biance2006,
	author = {Biance, A.-L. and Chevy, F. and Clanet, C. and Lagubeau, G. and Qu{\'e}r{\'e}, D.},
	journal = {J. Fluid Mech.},
	pages = {47-66},
	publisher = {Cambridge University Press},
	title = {On the elasticity of an inertial liquid shock},
	volume = {554},
	year = {2006}}

@article{Shi2019drop,
	author = {Shi, Songlin and Lv, Cunjing and Zheng, Quanshui},
	journal = {ACS Appl. Mater.},
	number = {46},
	pages = {43698-43707},
	publisher = {ACS Publications},
	title = {Drop impact on two-tier monostable superrepellent surfaces},
	volume = {11},
	year = {2019}}

@article{Lee2016universal,
	author = {Lee, J. B. and Laan, N. and {de Bruin}, K. G. and Skantzaris, G. and Shahidzadeh, N. and Derome, D. and Carmeliet, J. and Bonn, D.},
	journal = jfm,
	publisher = {Cambridge University Press},
	title = {Universal rescaling of drop impact on smooth and rough surfaces},
	volume = {786},
	year = {2016}}

@book{tryggvason2011direct,
	author = {Tryggvason, G. and Scardovelli, R. and Zaleski, S.},
	publisher = {Cambridge University Press},
	title = {{Direct} {Numerical} {Simulations} of {Gas}--{Liquid} {Multiphase} {Flows}},
	year = {2011}}

@book{prosperetti2009computational,
	author = {Prosperetti, Andrea and Tryggvason, Gr{\'e}tar},
	publisher = {Cambridge university press},
	title = {Computational {Methods} for {Multiphase} {Flow}},
	year = {2009}}

@article{zhan2021,
	author = {Zhan, H. and Lu, C. and Liu, C. and Wang, Z. and Lv, C. and Liu, Y.},
	journal = {Phys. Rev. Lett.},
	note = {No force measurements were provided in this paper.},
	number = {23},
	pages = {234503},
	publisher = {APS},
	title = {Horizontal motion of a superhydrophobic substrate affects the drop bouncing dynamics},
	volume = {126},
	year = {2021}}

@article{zhang2022impact,
	author = {Zhang, B. and Sanjay, V. and Shi, S. and Zhao, Y. and Lv, C. and Lohse, D.},
	journal = {Phys. Rev. Lett.},
	pages = {104501},
	publisher = {APS},
	title = {Impact forces of water drops falling on superhydrophobic surfaces},
	volume = {129},
	year = {2022}}

@phdthesis{VatsalThesis,
	author = {Sanjay, V.},
	date-modified = {2024-04-27 11:53:15 +0200},
	doi = {10.3990/1.9789036554077},
	school = {University of Twente},
	title = {{Viscous Free-Surface Flows}},
	year = {2022},
	bdsk-url-1 = {https://doi.org/10.3990/1.9789036554077}}

@article{berny2021statistics,
	author = {Berny, A. and Popinet, S. and S{\'e}on, T. and Deike, L.},
	journal = {Geophys. Res. Lett.},
	number = {10},
	pages = {e2021GL092919},
	publisher = {Wiley Online Library},
	title = {Statistics of jet drop production},
	volume = {48},
	year = {2021}}

@article{villermaux2020fragmentation,
	author = {Villermaux, E.},
	journal = jfm,
	pages = {P1},
	publisher = {Cambridge University Press},
	title = {Fragmentation versus cohesion},
	volume = {898},
	year = {2020}}

@article{chong2021extended,
	author = {Chong, K. L. and Ng, C. S. and Hori, N. and Yang, R. and Verzicco, R. and Lohse, D.},
	journal = prl,
	number = {3},
	pages = {034502},
	publisher = {APS},
	title = {Extended lifetime of respiratory droplets in a turbulent vapor puff and its implications on airborne disease transmission},
	volume = {126},
	year = {2021}}

@article{kant2022bags,
	author = {Kant, P. and Pairetti, C. and Saade, Y. and Popinet, S. and Zaleski, S. and Lohse, D.},
	date-modified = {2024-08-28 01:28:15 +0200},
	journal = {Phys. Rev. Fluids},
	number = {7},
	pages = {074802},
	title = {Bags mediated film atomization in a cough machine},
	volume = {8},
	year = {2023}}

@article{villermaux2022bubbles,
	author = {Villermaux, E. and Wang, X. and Deike, L.},
	journal = {{Proc. Natl. Acad. Sci. Nexus}},
	number = {5},
	pages = {pgac261},
	publisher = {Oxford University Press},
	title = {Bubbles spray aerosols: certitudes and mysteries},
	volume = {1},
	year = {2022}}

@article{mckinley2011wolfgang,
	author = {McKinley, G. H. and Renardy, M.},
	journal = pof,
	number = {12},
	publisher = {AIP Publishing},
	title = {{Wolfgang von Ohnesorge}},
	volume = {23},
	year = {2011}}

@article{kooij2018determines,
	author = {Kooij, S. and Sijs, R. and Denn, M. M. and Villermaux, E. and Bonn, D.},
	journal = {Phys. Rev. X},
	number = {3},
	pages = {031019},
	publisher = {APS},
	title = {What determines the drop size in sprays?},
	volume = {8},
	year = {2018}}

@article{sijs2020effect,
	author = {Sijs, R. and Bonn, D.},
	journal = {Pest. Manage. Sci.},
	number = {10},
	pages = {3487--3494},
	publisher = {Wiley Online Library},
	title = {The effect of adjuvants on spray droplet size from hydraulic nozzles},
	volume = {76},
	year = {2020}}

@article{bergeron2000controlling,
	author = {Bergeron, V. and Bonn, D. and Martin, J. Y. and Vovelle, L.},
	journal = {Nature},
	number = {6788},
	pages = {772--775},
	publisher = {Nature Publishing Group UK London},
	title = {Controlling droplet deposition with polymer additives},
	volume = {405},
	year = {2000}}

@article{bartolo2007dynamics,
	author = {Bartolo, D. and Boudaoud, A. and Narcy, G. and Bonn, D.},
	journal = prl,
	number = {17},
	pages = {174502},
	publisher = {APS},
	title = {Dynamics of non-{Newtonian} droplets},
	volume = {99},
	year = {2007}}

@article{wirth-1991-pesticsci,
	author = {Wirth, W. and Storp, S. and Jacobsen, W.},
	journal = {Pestic. Sci.},
	pages = {411-420},
	title = {Mechanisms controlling leaf retention of agricultural spray solutions},
	volume = {33},
	year = {1991}}

@article{smith-2018-curropincolloidinterfacesci,
	author = {Smith, F. R. and Brutin, D.},
	journal = {Curr. Opin. Colloid Interface Sci.},
	pages = {78-83},
	title = {Wetting and spreading of human blood: recent advances and applications},
	volume = {36},
	year = {2018}}

@article{rein-1993-fluiddynres,
	author = {Rein, M.},
	journal = {Fluid Dyn. Res.},
	pages = {61-93},
	title = {Phenomena of liquid drop impact on solid and liquid surfaces},
	volume = {12},
	year = {1993}}

@article{versluis-2013-expfluids,
	author = {Versluis, M.},
	journal = {Exp. Fluids},
	pages = {1458},
	title = {High-speed imaging in fluids},
	volume = {54},
	year = {2013}}

@article{lee-2016-langmuir,
	author = {Lee, J. B. and Derome, D. and Dolatabadi, A. and Carmeliet, J.},
	journal = {Langmuir},
	pages = {1279-1288},
	title = {Energy budget of liquid drop impact at maximum spreading: numerical simulations and experiments},
	volume = {32},
	year = {2016}}

@article{ukiwe-2005-langmuir,
	author = {Ukiwe, C. and Kwok, D. Y.},
	journal = {Langmuir},
	pages = {666-673},
	title = {On the maximum spreading diameter of impacting droplets on well-prepared solid surfaces},
	volume = {21},
	year = {2005}}

@article{sanjay_chantelot_lohse_2023,
	author = {Sanjay, V. and Chantelot, P. and Lohse, D.},
	doi = {10.1017/jfm.2023.55},
	journal = {Journal of Fluid Mechanics},
	pages = {A26},
	publisher = {Cambridge University Press},
	title = {When does an impacting drop stop bouncing?},
	volume = {958},
	year = {2023},
	bdsk-url-1 = {https://doi.org/10.1017/jfm.2023.55}}

@article{mishra-2021-arxiv,
	author = {Mishra, S. and Rubinstein, S. M. and Rycroft, C. H.},
	journal = {ar{X}iv: 2108.11497},
	title = {Computing the viscous effect in early-time drop impact dynamics},
	year = {2021}}

@article{ramirez2020lifting,
	author = {Ram\'{\i}rez-{S}oto, O. and Sanjay, V. and Lohse, D. and Pham, J. T. and Vollmer, D.},
	date-added = {2022-03-30 11:44:53 +0200},
	date-modified = {2023-08-20 14:40:07 +0200},
	journal = {Sci. Adv.},
	pages = {eaba4330},
	title = {Lifting a sessile drop from a superamphiphobic surface with an impacting one},
	volume = {6},
	year = {2020}}

@article{sen-2019-langmuir,
	author = {Sen, U. and Roy, T. and Chatterjee, S. and Ganguly, R. and Megaridis, C. M.},
	date-added = {2022-03-30 11:41:25 +0200},
	date-modified = {2022-03-30 11:42:18 +0200},
	journal = {Langmuir},
	pages = {12711-12721},
	title = {Post-impact behavior of a droplet impacting on a permeable metal mesh with a sharp wettability step},
	volume = {35},
	year = {2019}}

@article{snoeijer-2013-arfm,
	author = {Snoeijer, J. H. and Andreotti, B.},
	date-added = {2022-03-30 11:26:42 +0200},
	date-modified = {2022-03-30 11:27:20 +0200},
	journal = {Annu. Rev. Fluid Mech.},
	pages = {269-292},
	title = {Moving contact lines: scales, regimes, and dynamical transitions},
	volume = {45},
	year = {2013}}

@article{degoede-2019-prf,
	author = {{d}e {G}oede, T. and {d}e {B}ruin, K. G. and Shahidzadeh, N. and Bonn, D.},
	date-added = {2022-03-29 21:41:40 +0200},
	date-modified = {2022-03-29 21:42:45 +0200},
	journal = {Phys. Rev. Fluids},
	pages = {053602},
	title = {Predicting the maximum spreading of a liquid drop impacting on a solid surface: effect of surface tension and entrapped air layer},
	volume = {4},
	year = {2019}}

@article{gorin-2022-langmuir,
	author = {Gorin, B. and Di {M}auro, G. and Bonn, D. and Kellay, H.},
	date-added = {2022-03-28 22:00:53 +0200},
	date-modified = {2023-10-31 19:29:17 +0100},
	journal = {Langmuir},
	number = {8},
	pages = {2608--2613},
	title = {Universal aspects of droplet spreading dynamics in {N}ewtonian and non-{N}ewtonian fluids},
	volume = {38},
	year = {2022}}

@article{cheng2021drop,
	author = {Cheng, X. and Sun, T.-{P}. and Gordillo, L.},
	date-added = {2022-03-28 21:59:42 +0200},
	date-modified = {2023-08-20 14:33:45 +0200},
	journal = {Annu. Rev. Fluid Mech.},
	pages = {57-81},
	title = {Drop impact dynamics: impact force and stress distributions},
	volume = {54},
	year = {2022}}

@article{martouzet-2021-prf,
	author = {Martouzet, G. and J{\o}rgensen, L. and Pelet, Y. and Biance, A.-{L}. and Barentin, C.},
	date-added = {2022-03-28 21:55:19 +0200},
	date-modified = {2022-03-28 21:58:36 +0200},
	journal = {Phys. Rev. Fluids},
	pages = {044006},
	title = {Dynamic arrest during the spreading of a yield stress fluid drop},
	volume = {6},
	year = {2021}}

@article{zhang-2021-prf,
	author = {Zhang, L. and Soori, T. and Rokoni, A. and Kaminski, A. and Sun, Y.},
	date-added = {2022-03-28 21:54:02 +0200},
	date-modified = {2022-03-28 21:55:12 +0200},
	journal = {Phys. Rev. Fluids},
	pages = {044002},
	title = {Thin film instability driven dimple mode of air film failure during drop impact on smooth surfaces},
	volume = {6},
	year = {2021}}

@article{hoffman-2021-prf,
	author = {Hoffman, H. and Sijs, R. and {d}e {G}oede, T. and Bonn, D.},
	date-added = {2022-03-28 21:53:43 +0200},
	date-modified = {2022-03-28 21:53:43 +0200},
	journal = {Phys. Rev. Fluids},
	pages = {033601},
	title = {Controlling droplet deposition with surfactants},
	volume = {6},
	year = {2021}}

@article{sharma-2021-jfm,
	author = {Sharma, P. K. and Dixit, H. N.},
	date-added = {2022-03-28 21:52:36 +0200},
	date-modified = {2022-03-28 21:53:28 +0200},
	journal = {J. Fluid Mech.},
	pages = {{A}37},
	title = {Regimes of wettability-dependent and wettability-independent bouncing of a drop on a solid surface},
	volume = {908},
	year = {2021}}

@article{jalaal-2021-jfm,
	author = {Jalaal, M. and Stoeber, B. and Balmforth, N. J.},
	date-added = {2022-03-28 21:51:46 +0200},
	date-modified = {2022-03-28 21:52:28 +0200},
	journal = {J. Fluid Mech.},
	pages = {{A}21},
	title = {Spreading of viscoplastic droplets},
	volume = {914},
	year = {2021}}

@article{sanjay2022TC,
	author = {Sanjay, V. and Sen, U. and Kant, P. and Lohse, D.},
	date-added = {2022-03-28 21:49:28 +0200},
	date-modified = {2024-08-28 01:27:31 +0200},
	journal = {J. Fluid Mech.},
	pages = {A14},
	title = {Taylor-{C}ulick retractions and the influence of the surroundings},
	volume = {948},
	year = {2022}}

@article{Jha2020,
	author = {Jha, A. and Chantelot, P. and Clanet, C. and Qu\'{e}r\'{e}, D.},
	date-added = {2022-03-28 21:48:18 +0200},
	date-modified = {2023-08-20 14:35:53 +0200},
	journal = {Soft Matter},
	pages = {7270-7273},
	title = {Viscous bouncing},
	volume = {16},
	year = {2020}}

@article{chubynsky-2020-prl,
	author = {Chubynsky, M. V. and Belousov, K. I. and Lockerby, D. A. and Sprittles, J. E.},
	date-added = {2022-03-28 21:46:28 +0200},
	date-modified = {2022-03-28 21:48:10 +0200},
	journal = {Phys. Rev. Lett.},
	pages = {084501},
	title = {Bouncing off the walls: the influence of gas-kinetic and van der {W}aals effects in drop impact},
	volume = {124},
	year = {2020}}

@article{jalaal-2018-jfm,
	author = {Jalaal, M. and Seyfert, C. and Stoeber, B. and Balmforth, N. J.},
	date-added = {2022-03-28 21:45:05 +0200},
	date-modified = {2022-03-28 21:46:11 +0200},
	journal = {J. Fluid Mech.},
	pages = {115-128},
	title = {Gel-controlled droplet spreading},
	volume = {837},
	year = {2018}}

@article{lee-2016-jfm,
	author = {Lee, J. B. and Laan, N. and {d}e {B}ruin, K. G. and Skantzaris, G. and Shahidzadeh, N. and Derome, D. and Carmeliet, J. and Bonn, D.},
	date-added = {2022-03-28 21:40:45 +0200},
	date-modified = {2022-03-28 21:41:49 +0200},
	journal = {J. Fluid Mech.},
	pages = {{R}4},
	title = {Universal rescaling of drop impact on smooth and rough surfaces},
	volume = {784},
	year = {2016}}

@article{li-2015-jfm,
	author = {Li, E. Q. and Vakarelski, I. U. and Thoroddsen, S. T.},
	date-added = {2022-03-28 21:37:12 +0200},
	date-modified = {2022-03-28 21:38:18 +0200},
	journal = {J. Fluid Mech.},
	pages = {{R}2},
	title = {Probing the nanoscale: the first contact of an impacting drop},
	volume = {785},
	year = {2015}}

@article{kolinski-2014-prl,
	author = {Kolinski, J. M. and Mahadevan, L. and Rubinstein, S. M.},
	date-added = {2022-03-28 21:36:17 +0200},
	date-modified = {2022-03-28 21:37:03 +0200},
	journal = {Phys. Rev. Lett.},
	pages = {134501},
	title = {Lift-off instability during the impact of a drop on a solid surface},
	volume = {112},
	year = {2014}}

@article{kolinski-2014-epl,
	author = {Kolinski, J. M. and Mahadevan, L. and Rubinstein, S. M.},
	date-added = {2022-03-28 21:34:06 +0200},
	date-modified = {2022-03-28 21:34:54 +0200},
	journal = {Europhys. Lett.},
	pages = {24001},
	title = {Drops can bounce from perfectly hydrophilic surfaces},
	volume = {108},
	year = {2014}}

@article{thoraval-2013-jfm,
	author = {Thoraval, M.-{J}. and Takehara, K. and Etoh, T. G. and Thoroddsen, S. T.},
	date-added = {2022-03-28 21:33:20 +0200},
	date-modified = {2022-03-28 21:33:58 +0200},
	journal = {J. Fluid Mech.},
	pages = {234-258},
	title = {Drop impact entrapment of bubble rings},
	volume = {724},
	year = {2013}}

@article{kolinski-2012-prl,
	author = {Kolinski, J. M. and Rubinstein, S. M. and Mandre, S. and Brenner, M. P. and Weitz, D. A. and Mahadevan, L.},
	date-added = {2022-03-28 21:30:56 +0200},
	date-modified = {2022-03-28 21:31:56 +0200},
	journal = {Phys. Rev. Lett.},
	pages = {074503},
	title = {Skating on a film of air: drops impacting on a surface},
	volume = {108},
	year = {2012}}

@article{vdveen-2012-pre,
	author = {{v}an {d}er Veen, R. C. A. and Tran, T. and Lohse, D. and Sun, C.},
	date-added = {2022-03-28 21:29:50 +0200},
	date-modified = {2022-03-28 21:30:48 +0200},
	journal = {Phys. Rev. E},
	pages = {026315},
	title = {Direct measurements of air layer profiles under impacting droplets using high-speed color interferometry},
	volume = {85},
	year = {2012}}

@article{lagubeau-2012-jfm,
	author = {Lagubeau, G. and Fontelos, M. A. and Josserand, C. and Maurel, A. and Pagneux, V. and Petitjeans, P.},
	date-added = {2022-03-28 21:28:45 +0200},
	date-modified = {2022-03-28 21:29:35 +0200},
	journal = {J. Fluid Mech.},
	pages = {50-60},
	title = {Spreading dynamics of drop impacts},
	volume = {713},
	year = {2012}}

@article{smith-2010-prl,
	author = {Smith, M. I. and Bertola, V.},
	date-added = {2022-03-28 21:27:36 +0200},
	date-modified = {2022-03-28 21:27:36 +0200},
	journal = {Phys. Rev. Lett.},
	pages = {154502},
	title = {Effect of polymer additives on the wetting of impacting droplets},
	volume = {104},
	year = {2010}}

@article{luu-2009-jfm,
	author = {Luu, L.-{H}. and Forterre, Y.},
	date-added = {2022-03-28 21:25:21 +0200},
	date-modified = {2022-03-28 21:26:09 +0200},
	journal = {J. Fluid Mech.},
	pages = {301-327},
	title = {Drop impact of yield-stress fluids},
	volume = {632},
	year = {2009}}

@article{quere-2008-arms,
	author = {Qu\'{e}r\'{e}, D.},
	date-added = {2022-03-28 19:56:03 +0200},
	date-modified = {2022-03-28 19:56:50 +0200},
	journal = {Annu. Rev. Mater. Res.},
	pages = {71-99},
	title = {Wetting and roughness},
	volume = {38},
	year = {2008}}

@article{bayer-2006-jfm,
	author = {Bayer, I. S. and Megaridis, C. M.},
	date-added = {2022-03-28 19:53:24 +0200},
	date-modified = {2022-03-28 19:54:12 +0200},
	journal = {J. Fluid Mech.},
	pages = {415-449},
	title = {Contact angle dynamics in droplets impacting on flat surfaces with different wetting characteristics},
	volume = {558},
	year = {2006}}

@article{sikalo-2005-pof,
	author = {\v{S}ikalo, \v{S}. and Wilhelm, H.-{D}. and Roisman, I. V. and Jakirli\'{c}, S. and Tropea, C.},
	date-added = {2022-03-28 19:51:34 +0200},
	date-modified = {2022-03-28 19:52:57 +0200},
	journal = {Phys. Fluids},
	pages = {062103},
	title = {Dynamic contact angle of spreading droplets: experiments and simulations},
	volume = {17},
	year = {2005}}

@article{Clanet2004,
	author = {Clanet, C. and B\'{e}guin, C. and Richard, D. and Qu\'{e}r\'{e}, D.},
	date-added = {2022-03-28 19:49:17 +0200},
	date-modified = {2023-08-20 14:34:34 +0200},
	journal = {J. Fluid Mech.},
	pages = {199-208},
	title = {Maximal deformation of an impacting drop},
	volume = {517},
	year = {2004}}

@article{thoroddsen-2003-jfm,
	author = {Thoroddsen, S. T. and Etoh, T. G. and Takehara, K.},
	date-added = {2022-03-28 19:48:04 +0200},
	date-modified = {2022-03-28 19:48:59 +0200},
	journal = {J. Fluid Mech.},
	pages = {125-134},
	title = {Air entrapment under an impacting drop},
	volume = {478},
	year = {2003}}

@article{smith-2003-jfm,
	author = {Smith, F. T. and Li, L. and Wu, G. X.},
	date-added = {2022-03-28 19:46:57 +0200},
	date-modified = {2022-03-30 13:24:46 +0200},
	journal = {J. Fluid Mech.},
	pages = {291-318},
	title = {Air cushioning with a lubrication/inviscid balance},
	volume = {482},
	year = {2003}}

@article{mourougoucandoni-1997-jcis,
	author = {Mourougou-{C}andoni, N. and Prunet-{F}och, B. and Legay, F. and Vignes-{A}dler, M. and Wong, K.},
	date-added = {2022-03-28 19:46:50 +0200},
	date-modified = {2022-03-28 19:46:50 +0200},
	journal = {J. Colloid Interface Sci.},
	pages = {129-141},
	title = {Influence of dynamic surface tension on the spreading of surfactant solution droplets impacting onto a low-surface-energy solid substrate},
	volume = {192},
	year = {1997}}

@article{mao-1997-aichej,
	author = {Mao, T. and Kuhn, D. C. S. and Tran, H.},
	date-added = {2022-03-28 19:45:21 +0200},
	date-modified = {2022-03-28 19:46:36 +0200},
	journal = {{AIChE} J.},
	pages = {2169-2179},
	title = {Spread and rebound of liquid droplets upon impact on flat surfaces},
	volume = {43},
	year = {1997}}

@article{pasandidehfard-1996-pof,
	author = {Pasandideh-{F}ard, M. and Qiao, Y. M. and Chandra, S. and Mostaghimi, S.},
	date-added = {2022-03-28 19:44:02 +0200},
	date-modified = {2022-03-28 19:45:09 +0200},
	journal = {Phys. Fluids},
	pages = {650-659},
	title = {Capillary effects during droplet impact on a solid surface},
	volume = {8},
	year = {1996}}

@article{fukai-1995-pof,
	author = {Fukai, J. and Shiiba, Y. and Yamamoto, T. and Miyatake, O. and Poulikakos, D. and Megaridis, C. M. and Zhao, Z.},
	date-added = {2022-03-28 19:42:09 +0200},
	date-modified = {2022-03-28 19:43:47 +0200},
	journal = {Phys. Fluids},
	pages = {236-247},
	title = {Wetting effects on the spreading of a liquid droplet colliding with a flat surface: experiment and modeling},
	volume = {7},
	year = {1995}}

@article{chandra-1991-prsa,
	author = {Chandra, S. and Avedisian, S. T.},
	date-added = {2022-03-28 19:39:33 +0200},
	date-modified = {2022-03-28 19:40:28 +0200},
	journal = {Proc. R. Soc. Lond. A},
	pages = {13-41},
	title = {On the collision of a droplet with a solid surface},
	volume = {432},
	year = {1991}}

@article{yiantsios-1990-jfm,
	author = {Yiantsios, S. G. and Davis, R. H.},
	date-added = {2022-03-28 19:38:04 +0200},
	date-modified = {2022-03-28 19:39:02 +0200},
	journal = {J. Fluid Mech.},
	pages = {547-573},
	title = {On the buoyancy-driven motion of a drop towards a rigid surface or a deformable surface},
	volume = {217},
	year = {1990}}

@article{degennes-1985-rmp,
	author = {{de} {G}ennes, P. G.},
	date-added = {2022-03-28 19:34:43 +0200},
	date-modified = {2022-03-28 19:37:19 +0200},
	journal = {Rev. Mod. Phys.},
	pages = {827-863},
	title = {Wetting: statics and dynamics},
	volume = {57},
	year = {1985}}

@article{worthington1876,
	author = {Worthington, A. M.},
	journal = {Proc. R. Soc.},
	number = {171-178},
	pages = {261--272},
	title = {On the forms assumed by drops of liquids falling vertically on a horizontal plate},
	volume = {25},
	year = {1876}}

@article{worthington1876b,
	author = {Worthington, A. M.},
	journal = {Proc. R. Soc.},
	number = {171-178},
	pages = {498--503},
	title = {A second Paper on the forms assumed by drops of liquids falling vertically on a horizontal Plate.},
	volume = {25},
	year = {1876}}

@article{sen-2020-ijhmt,
	author = {Sen, U. and Roy, T. and Ganguly, R. and Angeloni, L. A. and Schroeder, W. A. and Megaridis, C. M.},
	date-added = {2022-03-28 11:18:18 +0200},
	date-modified = {2022-03-28 11:19:33 +0200},
	journal = {Int. J. Heat Mass Transf.},
	pages = {119658},
	title = {Explosive behavior during binary-droplet impact on superheated substrates},
	volume = {154},
	year = {2020}}

@unpublished{sen-draft,
	author = {Sen, U. and Jalaal, M. and Lohse, D.},
	date-added = {2022-03-27 14:17:04 +0200},
	date-modified = {2022-03-30 14:05:31 +0200},
	note = {({t}o be published)},
	title = {Elastocapillary Worthington jets},
	year = {2022}}

@article{kim2020raindrop,
	author = {Kim, S. and Wu, Z. and Esmaili, E. and Dombroskie, J. J and Jung, S.},
	journal = pnas,
	number = {25},
	pages = {13901--13907},
	publisher = {National Acad Sciences},
	title = {How a raindrop gets shattered on biological surfaces},
	volume = {117},
	year = {2020}}

@article{lohse-2020-pnas,
	author = {Lohse, D. and Villermaux, E.},
	journal = {Proc. Natl. Acad. Sci. U.S.A.},
	pages = {18912-18914},
	title = {Double threshold behavior for breakup of liquid sheets},
	volume = {117},
	year = {2020}}

@book{da1508notebooks,
	author = {{da Vinci}, L.},
	publisher = {George Braziller},
	title = {Codex Hammer (earlier Codex Leicester). In The Notebooks of Leonardo da Vinci (ed. and trans. E. MacCurdy).},
	year = {1508}}

@article{shiri2017heat,
	author = {Shiri, S. and Bird, J. C.},
	journal = pnas,
	number = {27},
	pages = {6930--6935},
	publisher = {National Acad Sciences},
	title = {Heat exchange between a bouncing drop and a superhydrophobic substrate},
	volume = {114},
	year = {2017}}

@article{jowkar2019rebounding,
	author = {Jowkar, S. and Morad, M. R.},
	journal = sm,
	number = {5},
	pages = {1017--1026},
	publisher = {Royal Society of Chemistry},
	title = {Rebounding suppression of droplet impact on hot surfaces: effect of surface temperature and concaveness},
	volume = {15},
	year = {2019}}

@article{he2021optimization,
	author = {He, L. and Ding, L. and Li, B. and Mu, W. and Li, P. and Liu, F.},
	journal = {ACS Appl. Mater. Interfaces},
	number = {32},
	pages = {38018--38028},
	publisher = {ACS Publications},
	title = {Optimization strategy to inhibit droplets rebound on pathogen-modified hydrophobic surfaces},
	volume = {13},
	year = {2021}}

@article{hoffman2021controlling,
	author = {Hoffman, H. and Sijs, R. and {de Goede}, T. and Bonn, D.},
	journal = prf,
	number = {3},
	pages = {033601},
	publisher = {APS},
	title = {Controlling droplet deposition with surfactants},
	volume = {6},
	year = {2021}}

@article{bertin2023similarity,
	author = {Bertin, V.},
	date-modified = {2024-08-28 01:26:09 +0200},
	journal = {J. Fluid Mech.},
	title = {Similarity solutions in elastohydrodynamic bouncing},
	volume = {986},
	year = {2023}}
